@manual{IEEESpectrum:2020,
      title  = "Interactive: The Top Programming Languages",
      author = "IEEESpectrum",
      note    = "\url{https://spectrum.ieee.org/static/interactive-the-top-programming-languages-2020}",
      year   = "2020 (acessado em 30 de Novembro de 2020)"
}

@manual{GitHubOctoverse:2020,
      title  = "GitHub State of the Octoverse report",
      author = "GitHub",
      note    = "\url{https://octoverse.github.com/}",
      year   = "2020 (acessado em 12 de Dezembro de 2020)"
}

@manual{StackOverflow:2020,
      title  = "Stack Overflow Annual Developer Survey",
      author = "StackOverflow",
      note    = "\url{https://insights.stackoverflow.com/survey/}",
      year   = "2020 (acessado em 12 de Dezembro de 2020)"
}

@manual{TIOBEIndex:2020,
      title  = "TIOBE Programming Community index",
      author = "TIOBE",
      note    = "\url{https://www.tiobe.com/tiobe-index/}",
      year   = "2020 (acessado em 12 de Dezembro de 2020)"
}

@manual{PYPL:2020,
      title  = "PYPL PopularitY of Programming Language",
      author = "PYPL",
      note    = "\url{https://pypl.github.io/PYPL.html/}",
      year   = "2020 (acessado em 12 de Dezembro de 2020)"
}

@article{michie1968memo,
  title={Memo functions and machine learning},
  author={Michie, Donald},
  journal={Nature},
  volume={218},
  number={5136},
  pages={19--22},
  year={1968},
  publisher={Nature Publishing Group}
}

@article{ousterhout1998scripting,
  title={Scripting: Higher level programming for the 21st century},
  author={Ousterhout, John K},
  journal={Computer},
  volume={31},
  number={3},
  pages={23--30},
  year={1998},
  publisher={IEEE}
}

@article{vinz2008improving,
  title={Improving program comprehension by combining code understanding with comment understanding},
  author={Vinz, Bradley L and Etzkorn, Letha H},
  journal={Knowledge-Based Systems},
  volume={21},
  number={8},
  pages={813--825},
  year={2008},
  publisher={Elsevier}
}

@inproceedings{missier2019efficient,
  title={Efficient Re-computation of Big Data Analytics Processes in the Presence of Changes: Computational Framework, Reference Architecture, and Applications},
  author={Missier, Paolo and Cala, Jacek},
  booktitle={2019 IEEE International Congress on Big Data (BigDataCongress)},
  pages={24--34},
  year={2019},
  organization={IEEE}
}

@inproceedings{carlsson2002monads,
  title={Monads for incremental computing},
  author={Carlsson, Magnus},
  booktitle={Proceedings of the seventh ACM SIGPLAN international conference on Functional programming},
  pages={26--35},
  year={2002}
}

@book{fowler2018refactoring,
  title={Refactoring: improving the design of existing code},
  author={Fowler, Martin},
  year={2018},
  publisher={Addison-Wesley Professional}
}

@manual{mathsisfun2020fibonacci,
      title  = "Fibonacci Sequence",
      author = "MathIsFun",
      note    = "\url{https://www.mathsisfun.com/numbers/fibonacci-sequence.html}",
      year   = "2020 (acessado em 30 de Novembro de 2020)"
}

@article{aho1986compilers,
  title={Compilers, principles, techniques},
  author={Aho, Alfred V and Sethi, Ravi and Ullman, Jeffrey D},
  journal={Addison wesley},
  volume={7},
  number={8},
  pages={9},
  year={1986}
}

@inproceedings{guo2011using,
  title={Using automatic persistent memoization to facilitate data analysis scripting},
  author={Guo, Philip J and Engler, Dawson},
  booktitle={Proceedings of the 2011 International Symposium on Software Testing and Analysis},
  pages={287--297},
  year={2011}
}

@article{della2015performance,
  title={Performance problems you can fix: A dynamic analysis of memoization opportunities},
  author={Della Toffola, Luca and Pradel, Michael and Gross, Thomas R},
  journal={ACM SIGPLAN Notices},
  volume={50},
  number={10},
  pages={607--622},
  year={2015},
  publisher={ACM New York, NY, USA}
}

@inproceedings{nguyen2013cachetor,
  title={Cachetor: Detecting cacheable data to remove bloat},
  author={Nguyen, Khanh and Xu, Guoqing},
  booktitle={Proceedings of the 2013 9th Joint Meeting on Foundations of Software Engineering},
  pages={268--278},
  year={2013}
}

@article{fitzpatrick2004distributed,
  title={Distributed caching with memcached},
  author={Fitzpatrick, Brad},
  journal={Linux journal},
  volume={124},
  year={2004}
}

@book{nakagawa2017revisao,
  title={Revis{\~a}o sistem{\'a}tica da literatura em engenharia de software: teoria e pr{\'a}tica},
  author={Nakagawa, Elisa Yumi and Scannavino, K{\'a}tia Romero Felizardo and Fabbri, Sandra Camargo Pinto Ferraz and Ferrari, Fabiano Cutigi},
  year={2017},
  publisher={Elsevier Brasil}
}

@article{loui2008praise,
  title={In praise of scripting: Real programming pragmatism},
  author={Loui, Ronald P},
  journal={Computer},
  volume={41},
  number={7},
  pages={22--26},
  year={2008},
  publisher={IEEE}
}

@inproceedings{van1998glue,
  title={Glue it all together with python},
  author={Van Rossum, Guido},
  booktitle={Workshop on Compositional Software Architectures, Workshop Report, Monterey, California},
  year={1998}
}

@manual{WikipediaScriptingLanguage:2020,
      title  = "Scripting Language",
      author = "Wikipedia",
      note    = "\url{https://en.wikipedia.org/wiki/Scripting_language/}",
      year   = "2020 (acessado em 12 de Dezembro de 2020)"
}

@manual{WikipediaListofProgrammingLanguagesbyType:2020,
      title  = "List of Programming Languages by Type",
      author = "Wikipedia",
      note    = "\url{https://en.wikipedia.org/wiki/List_of_programming_languages_by_type#Scripting_languages/}",
      year   = "2020 (acessado em 12 de Dezembro de 2020)"
}

@article{mourao2020performance,
  title={On the performance of hybrid search strategies for systematic literature reviews in software engineering},
  author={Mour{\~a}o, Erica and Pimentel, Jo{\~a}o Felipe and Murta, Leonardo and Kalinowski, Marcos and Mendes, Emilia and Wohlin, Claes},
  journal={Information and Software Technology},
  pages={106294},
  year={2020},
  publisher={Elsevier}
}
